<?xml version="1.0" encoding="UTF-8"?>
<OAI-PMH xmlns="http://www.openarchives.org/OAI/2.0/" xmlns:xsi="http://www.w3.org/2001/XMLSchema-instance" xsi:schemaLocation="http://www.openarchives.org/OAI/2.0/ http://www.openarchives.org/OAI/2.0/OAI-PMH.xsd">
  <ListRecords>
    <record>
      <header>
        <identifier>aleph-publish:000637121</identifier>
      </header>
      <metadata>
        <record xmlns="http://www.ddb.de/professionell/mabxml/mabxml-1.xsd">
          <leader>00000nM2.01200024------h</leader>
          <controlfield tag="LDR">00000nM2.01200024------h</controlfield>
          <controlfield tag="FMT">MH</controlfield>
          <datafield tag="001" ind1="-" ind2="1">
            <subfield code="a">HT005081594</subfield>
          </datafield>
          <datafield tag="002" ind1="a" ind2="1">
            <subfield code="a">19991120</subfield>
          </datafield>
          <datafield tag="003" ind1="-" ind2="1">
            <subfield code="a">20130307111532</subfield>
          </datafield>
          <datafield tag="020" ind1="a" ind2="1">
            <subfield code="a">1012106-7</subfield>
            <subfield code="b">DNB</subfield>
          </datafield>
          <datafield tag="025" ind1="a" ind2="1">
            <subfield code="a">015451909</subfield>
          </datafield>
          <datafield tag="025" ind1="z" ind2="1">
            <subfield code="a">1012106-7</subfield>
          </datafield>
          <datafield tag="025" ind1="o" ind2="1">
            <subfield code="a">643633191</subfield>
          </datafield>
          <datafield tag="026" ind1="-" ind2="1">
            <subfield code="a">ZDB1012106-7</subfield>
          </datafield>
          <controlfield tag="030">b|zucz|z|||37</controlfield>
          <datafield tag="036" ind1="a" ind2="1">
            <subfield code="a">XA-DE</subfield>
          </datafield>
          <datafield tag="037" ind1="b" ind2="1">
            <subfield code="a">ger</subfield>
          </datafield>
          <controlfield tag="050">a|a|||||||||||</controlfield>
          <controlfield tag="052">p||||||zz||||||</controlfield>
          <datafield tag="070" ind1="-" ind2="1">
            <subfield code="a">9001</subfield>
          </datafield>
          <datafield tag="070" ind1="a" ind2="1">
            <subfield code="a">DNB</subfield>
          </datafield>
          <datafield tag="070" ind1="b" ind2="1">
            <subfield code="a">1242</subfield>
          </datafield>
          <datafield tag="073" ind1="-" ind2="1">
            <subfield code="a">5,3</subfield>
          </datafield>
          <datafield tag="073" ind1="-" ind2="1">
            <subfield code="a">3,4</subfield>
          </datafield>
          <datafield tag="076" ind1="-" ind2="1">
            <subfield code="a">||a|||</subfield>
          </datafield>
          <datafield tag="200" ind1="b" ind2="1">
            <subfield code="k">Staatsinstitut für Frühpädagogik und Familienforschung</subfield>
            <subfield code="h">München</subfield>
            <subfield code="9">(DE-588)2087125-9</subfield>
          </datafield>
          <datafield tag="204" ind1="b" ind2="1">
            <subfield code="k">Staatsinstitut für Familienforschung</subfield>
            <subfield code="h">Bamberg</subfield>
            <subfield code="9">(DE-588)5150668-3</subfield>
          </datafield>
          <datafield tag="331" ind1="-" ind2="1">
            <subfield code="a">Zeitschrift für Familienforschung</subfield>
          </datafield>
          <datafield tag="335" ind1="-" ind2="1">
            <subfield code="a">ZfF</subfield>
          </datafield>
          <datafield tag="341" ind1="-" ind2="1">
            <subfield code="a">Journal of family research</subfield>
          </datafield>
          <datafield tag="359" ind1="-" ind2="1">
            <subfield code="a">hrsg. vom Staatsinstitut für Familienforschung an der Universität Bamberg</subfield>
          </datafield>
          <datafield tag="370" ind1="a" ind2="1">
            <subfield code="a">ZfF</subfield>
          </datafield>
          <datafield tag="405" ind1="-" ind2="1">
            <subfield code="a">1.1989 -</subfield>
          </datafield>
          <datafield tag="410" ind1="-" ind2="1">
            <subfield code="a">Leverkusen</subfield>
          </datafield>
          <datafield tag="412" ind1="-" ind2="1">
            <subfield code="a">Budrich</subfield>
          </datafield>
          <datafield tag="418" ind1="-" ind2="1">
            <subfield code="a">München</subfield>
            <subfield code="g">Staatsinst. für Frühpädagogik und Familienforschung</subfield>
            <subfield code="h">anfangs</subfield>
          </datafield>
          <datafield tag="418" ind1="-" ind2="1">
            <subfield code="a">Bamberg</subfield>
            <subfield code="g">Staatsinst. für Familienforschung an der Univ.</subfield>
            <subfield code="h">früher</subfield>
          </datafield>
          <datafield tag="418" ind1="-" ind2="1">
            <subfield code="a">Leverkusen</subfield>
            <subfield code="g">Leske + Budrich</subfield>
            <subfield code="h">1998-2003</subfield>
          </datafield>
          <datafield tag="418" ind1="-" ind2="1">
            <subfield code="a">Wiesbaden</subfield>
            <subfield code="g">VS Verl. für Sozialwissenschaften</subfield>
            <subfield code="h">2004-2005</subfield>
          </datafield>
          <datafield tag="425" ind1="b" ind2="1">
            <subfield code="a">1989</subfield>
          </datafield>
          <datafield tag="435" ind1="-" ind2="1">
            <subfield code="a">24 cm</subfield>
          </datafield>
          <datafield tag="507" ind1="-" ind2="1">
            <subfield code="a">Parallelsacht. ab 19.2007</subfield>
          </datafield>
          <datafield tag="509" ind1="-" ind2="1">
            <subfield code="p">Urh. anfangs</subfield>
            <subfield code="a"> Staatsinstitut für Frühpädagogik und Familienforschung, München</subfield>
          </datafield>
          <datafield tag="523" ind1="-" ind2="1">
            <subfield code="a">Ersch. 3x jährl.</subfield>
          </datafield>
          <datafield tag="527" ind1="z" ind2="1">
            <subfield code="p">Online-Ausg. ---&gt;</subfield>
            <subfield code="a">Zeitschrift für Familienforschung</subfield>
            <subfield code="9">HT015774588</subfield>
          </datafield>
          <datafield tag="529" ind1="z" ind2="1">
            <subfield code="p">Ab 1994 Sonderh. ---&gt;</subfield>
            <subfield code="a">Zeitschrift für Familienforschung / Sonderheft</subfield>
            <subfield code="9">HT013503432</subfield>
          </datafield>
          <datafield tag="542" ind1="a" ind2="1">
            <subfield code="a">0935-4018</subfield>
          </datafield>
          <datafield tag="542" ind1="a" ind2="1">
            <subfield code="a">1437-2940</subfield>
          </datafield>
          <datafield tag="542" ind1="z" ind2="1">
            <subfield code="b">EUR 23.00 (Einzelh.), EUR 54.00 (jährl.)</subfield>
          </datafield>
          <datafield tag="545" ind1="a" ind2="1">
            <subfield code="a">ISSN 1437-2940 = ZfF. Zeitschrift für Familienforschung</subfield>
          </datafield>
          <datafield tag="574" ind1="-" ind2="1">
            <subfield code="a">95,B20,0099</subfield>
          </datafield>
          <datafield tag="700" ind1="-" ind2="1">
            <subfield code="a">300</subfield>
            <subfield code="a">DNB</subfield>
          </datafield>
          <datafield tag="700" ind1="-" ind2="1">
            <subfield code="a">300</subfield>
            <subfield code="a">ZDB</subfield>
          </datafield>
          <datafield tag="700" ind1="-" ind2="1">
            <subfield code="a">370</subfield>
            <subfield code="a">ZDB</subfield>
          </datafield>
          <datafield tag="700" ind1="z" ind2="1">
            <subfield code="a">620</subfield>
          </datafield>
          <datafield tag="700" ind1="z" ind2="1">
            <subfield code="a">280</subfield>
          </datafield>
          <datafield tag="700" ind1="g" ind2="1">
            <subfield code="a">MN 1000</subfield>
          </datafield>
          <datafield tag="902" ind1="-" ind2="1">
            <subfield code="s">Familie</subfield>
            <subfield code="9">(DE-588)4016397-0</subfield>
          </datafield>
          <datafield tag="902" ind1="-" ind2="1">
            <subfield code="s">Forschung</subfield>
            <subfield code="9">(DE-588)4017894-8</subfield>
          </datafield>
          <datafield tag="902" ind1="-" ind2="1">
            <subfield code="f">Zeitschrift</subfield>
          </datafield>
          <datafield tag="907" ind1="-" ind2="1">
            <subfield code="s">Familienerziehung</subfield>
            <subfield code="9">(DE-588)4016409-3</subfield>
          </datafield>
          <datafield tag="907" ind1="-" ind2="1">
            <subfield code="f">Zeitschrift</subfield>
          </datafield>
          <datafield tag="912" ind1="-" ind2="1">
            <subfield code="s">Familienbeziehung</subfield>
            <subfield code="9">(DE-588)4133734-7</subfield>
          </datafield>
          <datafield tag="912" ind1="-" ind2="1">
            <subfield code="f">Zeitschrift</subfield>
          </datafield>
          <datafield tag="917" ind1="-" ind2="1">
            <subfield code="s">Familiensoziologie</subfield>
            <subfield code="9">(DE-588)4133736-0</subfield>
          </datafield>
          <datafield tag="917" ind1="-" ind2="1">
            <subfield code="s">Familie</subfield>
            <subfield code="9">(DE-588)4016397-0</subfield>
          </datafield>
          <datafield tag="917" ind1="-" ind2="1">
            <subfield code="s">Forschung</subfield>
            <subfield code="9">(DE-588)4017894-8</subfield>
          </datafield>
          <datafield tag="917" ind1="-" ind2="1">
            <subfield code="f">Zeitschrift</subfield>
          </datafield>
          <datafield tag="922" ind1="-" ind2="1">
            <subfield code="s">Familie</subfield>
            <subfield code="9">(DE-588)4016397-0</subfield>
          </datafield>
          <datafield tag="922" ind1="-" ind2="1">
            <subfield code="s">Forschung</subfield>
            <subfield code="9">(DE-588)4017894-8</subfield>
          </datafield>
          <datafield tag="922" ind1="-" ind2="1">
            <subfield code="f">Zeitschrift</subfield>
          </datafield>
          <datafield tag="924" ind1="-" ind2="1">
            <subfield code="a">DE-101DE-101</subfield>
          </datafield>
          <datafield tag="927" ind1="-" ind2="1">
            <subfield code="s">Familienerziehung</subfield>
            <subfield code="9">(DE-588)4016409-3</subfield>
          </datafield>
          <datafield tag="927" ind1="-" ind2="1">
            <subfield code="f">Zeitschrift</subfield>
          </datafield>
          <datafield tag="929" ind1="-" ind2="1">
            <subfield code="a">DE-600DE-600</subfield>
          </datafield>
          <datafield tag="932" ind1="-" ind2="1">
            <subfield code="s">Familienbeziehung</subfield>
            <subfield code="9">(DE-588)4133734-7</subfield>
          </datafield>
          <datafield tag="932" ind1="-" ind2="1">
            <subfield code="f">Zeitschrift</subfield>
          </datafield>
          <datafield tag="934" ind1="-" ind2="1">
            <subfield code="a">DE-600DE-600</subfield>
          </datafield>
          <datafield tag="937" ind1="-" ind2="1">
            <subfield code="s">Familiensoziologie</subfield>
            <subfield code="9">(DE-588)4133736-0</subfield>
          </datafield>
          <datafield tag="937" ind1="-" ind2="1">
            <subfield code="s">Familie</subfield>
            <subfield code="9">(DE-588)4016397-0</subfield>
          </datafield>
          <datafield tag="937" ind1="-" ind2="1">
            <subfield code="s">Forschung</subfield>
            <subfield code="9">(DE-588)4017894-8</subfield>
          </datafield>
          <datafield tag="937" ind1="-" ind2="1">
            <subfield code="f">Zeitschrift</subfield>
          </datafield>
          <datafield tag="939" ind1="-" ind2="1">
            <subfield code="a">DE-600DE-600</subfield>
          </datafield>
          <controlfield tag="SYS">000637121</controlfield>
          <datafield tag="016" ind1="-" ind2="1">
            <subfield code="a">552025232</subfield>
            <subfield code="b">DNB</subfield>
          </datafield>
          <datafield tag="406" ind1="b" ind2="1">
            <subfield code="j">1989</subfield>
          </datafield>
          <datafield tag="PSW" ind1="-" ind2="1">
            <subfield code="s">Elternerziehung</subfield>
            <subfield code="9">(DE-588)4016409-3</subfield>
          </datafield>
          <datafield tag="PSW" ind1="-" ind2="1">
            <subfield code="s">Erziehung</subfield>
            <subfield code="x">Familie</subfield>
            <subfield code="9">(DE-588)4016409-3</subfield>
          </datafield>
          <datafield tag="PSW" ind1="-" ind2="1">
            <subfield code="s">Häusliche Erziehung</subfield>
            <subfield code="9">(DE-588)4016409-3</subfield>
          </datafield>
          <datafield tag="PSW" ind1="-" ind2="1">
            <subfield code="s">Kind</subfield>
            <subfield code="x">Erziehung</subfield>
            <subfield code="x">Eltern</subfield>
            <subfield code="9">(DE-588)4016409-3</subfield>
          </datafield>
          <datafield tag="PSW" ind1="-" ind2="1">
            <subfield code="s">Familienpädagogik</subfield>
            <subfield code="9">(DE-588)4016409-3</subfield>
          </datafield>
          <datafield tag="PSW" ind1="-" ind2="1">
            <subfield code="s">Wissenschaftliche Forschung</subfield>
            <subfield code="9">(DE-588)4017894-8</subfield>
          </datafield>
          <datafield tag="PSW" ind1="-" ind2="1">
            <subfield code="s">Forschungen</subfield>
            <subfield code="9">(DE-588)4017894-8</subfield>
          </datafield>
          <datafield tag="PSW" ind1="-" ind2="1">
            <subfield code="s">Familie</subfield>
            <subfield code="x">Gesellschaft</subfield>
            <subfield code="9">(DE-588)4133736-0</subfield>
          </datafield>
          <datafield tag="PSW" ind1="-" ind2="1">
            <subfield code="s">Familie</subfield>
            <subfield code="x">Soziologie</subfield>
            <subfield code="9">(DE-588)4133736-0</subfield>
          </datafield>
          <datafield tag="PSW" ind1="-" ind2="1">
            <subfield code="s">Gesellschaft</subfield>
            <subfield code="x">Familie</subfield>
            <subfield code="9">(DE-588)4133736-0</subfield>
          </datafield>
          <datafield tag="PSW" ind1="-" ind2="1">
            <subfield code="s">Familienforschung</subfield>
            <subfield code="h">Soziologie</subfield>
            <subfield code="9">(DE-588)4133736-0</subfield>
          </datafield>
          <datafield tag="PSW" ind1="-" ind2="1">
            <subfield code="s">Wissenschaftliche Forschung</subfield>
            <subfield code="9">(DE-588)4017894-8</subfield>
          </datafield>
          <datafield tag="PSW" ind1="-" ind2="1">
            <subfield code="s">Forschungen</subfield>
            <subfield code="9">(DE-588)4017894-8</subfield>
          </datafield>
          <datafield tag="PSW" ind1="-" ind2="1">
            <subfield code="s">Familien</subfield>
            <subfield code="9">(DE-588)4016397-0</subfield>
          </datafield>
          <datafield tag="PSW" ind1="-" ind2="1">
            <subfield code="s">Familie</subfield>
            <subfield code="x">Gesellschaft</subfield>
            <subfield code="9">(DE-588)4133736-0</subfield>
          </datafield>
          <datafield tag="PSW" ind1="-" ind2="1">
            <subfield code="s">Familie</subfield>
            <subfield code="x">Soziologie</subfield>
            <subfield code="9">(DE-588)4133736-0</subfield>
          </datafield>
          <datafield tag="PSW" ind1="-" ind2="1">
            <subfield code="s">Gesellschaft</subfield>
            <subfield code="x">Familie</subfield>
            <subfield code="9">(DE-588)4133736-0</subfield>
          </datafield>
          <datafield tag="PSW" ind1="-" ind2="1">
            <subfield code="s">Familienforschung</subfield>
            <subfield code="h">Soziologie</subfield>
            <subfield code="9">(DE-588)4133736-0</subfield>
          </datafield>
          <datafield tag="PSW" ind1="-" ind2="1">
            <subfield code="s">Elternerziehung</subfield>
            <subfield code="9">(DE-588)4016409-3</subfield>
          </datafield>
          <datafield tag="PSW" ind1="-" ind2="1">
            <subfield code="s">Erziehung</subfield>
            <subfield code="x">Familie</subfield>
            <subfield code="9">(DE-588)4016409-3</subfield>
          </datafield>
          <datafield tag="PSW" ind1="-" ind2="1">
            <subfield code="s">Häusliche Erziehung</subfield>
            <subfield code="9">(DE-588)4016409-3</subfield>
          </datafield>
          <datafield tag="PSW" ind1="-" ind2="1">
            <subfield code="s">Kind</subfield>
            <subfield code="x">Erziehung</subfield>
            <subfield code="x">Eltern</subfield>
            <subfield code="9">(DE-588)4016409-3</subfield>
          </datafield>
          <datafield tag="PSW" ind1="-" ind2="1">
            <subfield code="s">Familienpädagogik</subfield>
            <subfield code="9">(DE-588)4016409-3</subfield>
          </datafield>
          <datafield tag="PSW" ind1="-" ind2="1">
            <subfield code="s">Familien</subfield>
            <subfield code="9">(DE-588)4016397-0</subfield>
          </datafield>
          <datafield tag="PSW" ind1="-" ind2="1">
            <subfield code="s">Familie</subfield>
            <subfield code="x">Zwischenmenschliche Beziehung</subfield>
            <subfield code="9">(DE-588)4133734-7</subfield>
          </datafield>
          <datafield tag="PSW" ind1="-" ind2="1">
            <subfield code="s">Familienangehöriger</subfield>
            <subfield code="x">Zwischenmenschliche Beziehung</subfield>
            <subfield code="9">(DE-588)4133734-7</subfield>
          </datafield>
          <datafield tag="PSW" ind1="-" ind2="1">
            <subfield code="s">Familie</subfield>
            <subfield code="x">Zwischenmenschliche Beziehung</subfield>
            <subfield code="9">(DE-588)4133734-7</subfield>
          </datafield>
          <datafield tag="PSW" ind1="-" ind2="1">
            <subfield code="s">Familienangehöriger</subfield>
            <subfield code="x">Zwischenmenschliche Beziehung</subfield>
            <subfield code="9">(DE-588)4133734-7</subfield>
          </datafield>
          <datafield tag="PKO" ind1="-" ind2="1">
            <subfield code="k">IFP</subfield>
            <subfield code="9">(DE-588)2087125-9</subfield>
          </datafield>
          <datafield tag="PKO" ind1="-" ind2="1">
            <subfield code="k">IFP</subfield>
            <subfield code="9">(DE-588)2087125-9</subfield>
          </datafield>
          <datafield tag="PKO" ind1="-" ind2="1">
            <subfield code="k">Staatsinstitut für Familienforschung an der Universität Bamberg</subfield>
            <subfield code="9">(DE-588)5150668-3</subfield>
          </datafield>
          <datafield tag="PKO" ind1="-" ind2="1">
            <subfield code="k">ifb</subfield>
            <subfield code="9">(DE-588)5150668-3</subfield>
          </datafield>
          <datafield tag="PKO" ind1="-" ind2="1">
            <subfield code="k">Universität</subfield>
            <subfield code="b">Staatsinstitut für Familienforschung</subfield>
            <subfield code="9">(DE-588)5150668-3</subfield>
          </datafield>
          <datafield tag="PKO" ind1="-" ind2="1">
            <subfield code="k">Institut für Familienforschung</subfield>
            <subfield code="9">(DE-588)5150668-3</subfield>
          </datafield>
          <datafield tag="PKO" ind1="-" ind2="1">
            <subfield code="k">Staatsinstitut für Familienforschung</subfield>
            <subfield code="9">(DE-588)5150668-3</subfield>
          </datafield>
          <datafield tag="PKO" ind1="-" ind2="1">
            <subfield code="k">Staatsinstitut für Familienforschung an der Universität Bamberg</subfield>
            <subfield code="9">(DE-588)5150668-3</subfield>
          </datafield>
          <datafield tag="PKO" ind1="-" ind2="1">
            <subfield code="k">ifb</subfield>
            <subfield code="9">(DE-588)5150668-3</subfield>
          </datafield>
          <datafield tag="PKO" ind1="-" ind2="1">
            <subfield code="k">Universität</subfield>
            <subfield code="b">Staatsinstitut für Familienforschung</subfield>
            <subfield code="9">(DE-588)5150668-3</subfield>
          </datafield>
          <datafield tag="PKO" ind1="-" ind2="1">
            <subfield code="k">Institut für Familienforschung</subfield>
            <subfield code="9">(DE-588)5150668-3</subfield>
          </datafield>
          <datafield tag="PKO" ind1="-" ind2="1">
            <subfield code="k">Staatsinstitut für Familienforschung</subfield>
            <subfield code="9">(DE-588)5150668-3</subfield>
          </datafield>
          <datafield tag="PKO" ind1="-" ind2="1">
            <subfield code="k">IFP</subfield>
            <subfield code="9">(DE-588)2087125-9</subfield>
          </datafield>
          <datafield tag="PKO" ind1="-" ind2="1">
            <subfield code="k">Staatsinstitut für Familienforschung an der Universität Bamberg</subfield>
            <subfield code="9">(DE-588)5150668-3</subfield>
          </datafield>
          <datafield tag="PKO" ind1="-" ind2="1">
            <subfield code="k">ifb</subfield>
            <subfield code="9">(DE-588)5150668-3</subfield>
          </datafield>
          <datafield tag="PKO" ind1="-" ind2="1">
            <subfield code="k">Universität</subfield>
            <subfield code="b">Staatsinstitut für Familienforschung</subfield>
            <subfield code="9">(DE-588)5150668-3</subfield>
          </datafield>
          <datafield tag="PKO" ind1="-" ind2="1">
            <subfield code="k">Institut für Familienforschung</subfield>
            <subfield code="9">(DE-588)5150668-3</subfield>
          </datafield>
          <datafield tag="PKO" ind1="-" ind2="1">
            <subfield code="k">Staatsinstitut für Familienforschung</subfield>
            <subfield code="9">(DE-588)5150668-3</subfield>
          </datafield>
          <datafield tag="PKO" ind1="-" ind2="1">
            <subfield code="k">Staatsinstitut für Familienforschung an der Universität Bamberg</subfield>
            <subfield code="9">(DE-588)5150668-3</subfield>
          </datafield>
          <datafield tag="PKO" ind1="-" ind2="1">
            <subfield code="k">ifb</subfield>
            <subfield code="9">(DE-588)5150668-3</subfield>
          </datafield>
          <datafield tag="PKO" ind1="-" ind2="1">
            <subfield code="k">Universität</subfield>
            <subfield code="b">Staatsinstitut für Familienforschung</subfield>
            <subfield code="9">(DE-588)5150668-3</subfield>
          </datafield>
          <datafield tag="PKO" ind1="-" ind2="1">
            <subfield code="k">Institut für Familienforschung</subfield>
            <subfield code="9">(DE-588)5150668-3</subfield>
          </datafield>
          <datafield tag="PKO" ind1="-" ind2="1">
            <subfield code="k">Staatsinstitut für Familienforschung</subfield>
            <subfield code="9">(DE-588)5150668-3</subfield>
          </datafield>
          <datafield tag="PKO" ind1="-" ind2="1">
            <subfield code="k">Staatsinstitut für Familienforschung an der Universität Bamberg</subfield>
            <subfield code="9">(DE-588)5150668-3</subfield>
          </datafield>
          <datafield tag="PKO" ind1="-" ind2="1">
            <subfield code="k">ifb</subfield>
            <subfield code="9">(DE-588)5150668-3</subfield>
          </datafield>
          <datafield tag="PKO" ind1="-" ind2="1">
            <subfield code="k">Universität</subfield>
            <subfield code="b">Staatsinstitut für Familienforschung</subfield>
            <subfield code="9">(DE-588)5150668-3</subfield>
          </datafield>
          <datafield tag="PKO" ind1="-" ind2="1">
            <subfield code="k">Institut für Familienforschung</subfield>
            <subfield code="9">(DE-588)5150668-3</subfield>
          </datafield>
          <datafield tag="PKO" ind1="-" ind2="1">
            <subfield code="k">Staatsinstitut für Familienforschung</subfield>
            <subfield code="9">(DE-588)5150668-3</subfield>
          </datafield>
          <datafield tag="PSW" ind1="-" ind2="1">
            <subfield code="s">Familien</subfield>
            <subfield code="9">(DE-588)4016397-0</subfield>
          </datafield>
          <datafield tag="PSW" ind1="-" ind2="1">
            <subfield code="s">Wissenschaftliche Forschung</subfield>
            <subfield code="9">(DE-588)4017894-8</subfield>
          </datafield>
          <datafield tag="PSW" ind1="-" ind2="1">
            <subfield code="s">Forschungen</subfield>
            <subfield code="9">(DE-588)4017894-8</subfield>
          </datafield>
          <datafield tag="PSW" ind1="-" ind2="1">
            <subfield code="s">Elternerziehung</subfield>
            <subfield code="9">(DE-588)4016409-3</subfield>
          </datafield>
          <datafield tag="PSW" ind1="-" ind2="1">
            <subfield code="s">Erziehung</subfield>
            <subfield code="x">Familie</subfield>
            <subfield code="9">(DE-588)4016409-3</subfield>
          </datafield>
          <datafield tag="PSW" ind1="-" ind2="1">
            <subfield code="s">Häusliche Erziehung</subfield>
            <subfield code="9">(DE-588)4016409-3</subfield>
          </datafield>
          <datafield tag="PSW" ind1="-" ind2="1">
            <subfield code="s">Kind</subfield>
            <subfield code="x">Erziehung</subfield>
            <subfield code="x">Eltern</subfield>
            <subfield code="9">(DE-588)4016409-3</subfield>
          </datafield>
          <datafield tag="PSW" ind1="-" ind2="1">
            <subfield code="s">Familienpädagogik</subfield>
            <subfield code="9">(DE-588)4016409-3</subfield>
          </datafield>
          <datafield tag="PSW" ind1="-" ind2="1">
            <subfield code="s">Familie</subfield>
            <subfield code="x">Zwischenmenschliche Beziehung</subfield>
            <subfield code="9">(DE-588)4133734-7</subfield>
          </datafield>
          <datafield tag="PSW" ind1="-" ind2="1">
            <subfield code="s">Familienangehöriger</subfield>
            <subfield code="x">Zwischenmenschliche Beziehung</subfield>
            <subfield code="9">(DE-588)4133734-7</subfield>
          </datafield>
          <datafield tag="PSW" ind1="-" ind2="1">
            <subfield code="s">Familie</subfield>
            <subfield code="x">Gesellschaft</subfield>
            <subfield code="9">(DE-588)4133736-0</subfield>
          </datafield>
          <datafield tag="PSW" ind1="-" ind2="1">
            <subfield code="s">Familie</subfield>
            <subfield code="x">Soziologie</subfield>
            <subfield code="9">(DE-588)4133736-0</subfield>
          </datafield>
          <datafield tag="PSW" ind1="-" ind2="1">
            <subfield code="s">Gesellschaft</subfield>
            <subfield code="x">Familie</subfield>
            <subfield code="9">(DE-588)4133736-0</subfield>
          </datafield>
          <datafield tag="PSW" ind1="-" ind2="1">
            <subfield code="s">Familienforschung</subfield>
            <subfield code="h">Soziologie</subfield>
            <subfield code="9">(DE-588)4133736-0</subfield>
          </datafield>
          <datafield tag="200" ind1=" " ind2=" ">
            <subfield code="0">1</subfield>
            <subfield code="b">1.1989 -</subfield>
            <subfield code="f">P 10/25 z 12</subfield>
          </datafield>
          <datafield tag="OWN" ind1=" " ind2=" ">
            <subfield code="a">P0001</subfield>
          </datafield>
          <datafield tag="PLK" ind1=" " ind2=" ">
            <subfield code="a">SRD</subfield>
            <subfield code="l">PAD01</subfield>
            <subfield code="b">001374970</subfield>
            <subfield code="m">Zeitschrift für Familienforschung.^1989</subfield>
            <subfield code="n">21,2.^Child poverty in Europe.^2009</subfield>
          </datafield>
          <datafield tag="PLK" ind1=" " ind2=" ">
            <subfield code="a">SRD</subfield>
            <subfield code="l">PAD01</subfield>
            <subfield code="b">001562173</subfield>
            <subfield code="m">Zeitschrift für Familienforschung.^1989</subfield>
            <subfield code="n">25,1.^Schwerpunktthema: Türkische Familien in Deutschland - Generationenbeziehungen und Generationenperspektiven.^2013</subfield>
          </datafield>
          <datafield tag="PLK" ind1=" " ind2=" ">
            <subfield code="a">PAR</subfield>
            <subfield code="l">PAD01</subfield>
            <subfield code="b">001347356</subfield>
            <subfield code="m">Auch unter dem Titel:^Zeitschrift für Familienforschung.^1989</subfield>
            <subfield code="n">Auch unter dem Titel:^Zeitschrift für Familienforschung.^2001</subfield>
          </datafield>
          <datafield tag="PLK" ind1=" " ind2=" ">
            <subfield code="a">SRD</subfield>
            <subfield code="l">PAD01</subfield>
            <subfield code="b">001374972</subfield>
            <subfield code="m">Zeitschrift für Familienforschung.^1989</subfield>
            <subfield code="n">21,3.^Schwerpunktthema: Fertilität und Frauenerwerbstätigkeit.^2009</subfield>
          </datafield>
          <datafield tag="PLK" ind1=" " ind2=" ">
            <subfield code="a">SRD</subfield>
            <subfield code="l">PAD01</subfield>
            <subfield code="b">001374973</subfield>
            <subfield code="m">Zeitschrift für Familienforschung.^1989</subfield>
            <subfield code="n">22,2.^Schwerpunktthema: Mobility and family.^2010</subfield>
          </datafield>
          <datafield tag="PLK" ind1=" " ind2=" ">
            <subfield code="a">SRD</subfield>
            <subfield code="l">PAD01</subfield>
            <subfield code="b">001374974</subfield>
            <subfield code="m">Zeitschrift für Familienforschung.^1989</subfield>
            <subfield code="n">22,3.^Schwerpunktthema: Gender relations in Central and Eastern Europe - change or continuity?.^2010</subfield>
          </datafield>
          <datafield tag="LOC" ind1=" " ind2=" ">
            <subfield code="m">ISSBD</subfield>
            <subfield code="a">P0001</subfield>
            <subfield code="b">10</subfield>
            <subfield code="d">25z12</subfield>
            <subfield code="g">15.2003</subfield>
            <subfield code="i">2004.464</subfield>
            <subfield code="n">36</subfield>
            <subfield code="k">20040512</subfield>
            <subfield code="5">880748-60</subfield>
          </datafield>
          <datafield tag="LOC" ind1=" " ind2=" ">
            <subfield code="m">ISSBD</subfield>
            <subfield code="a">P0001</subfield>
            <subfield code="b">10</subfield>
            <subfield code="d">25z12</subfield>
            <subfield code="g">16.2004</subfield>
            <subfield code="n">36</subfield>
            <subfield code="k">00000000</subfield>
            <subfield code="5">880748-100</subfield>
          </datafield>
          <datafield tag="LOC" ind1=" " ind2=" ">
            <subfield code="m">ISSBD</subfield>
            <subfield code="a">P0001</subfield>
            <subfield code="b">10</subfield>
            <subfield code="d">25z12</subfield>
            <subfield code="g">17.2005</subfield>
            <subfield code="i">2006.1661</subfield>
            <subfield code="n">36</subfield>
            <subfield code="k">20060831</subfield>
            <subfield code="5">880748-150</subfield>
          </datafield>
          <datafield tag="LOC" ind1=" " ind2=" ">
            <subfield code="m">ISSBD</subfield>
            <subfield code="a">P0001</subfield>
            <subfield code="b">10</subfield>
            <subfield code="d">25z12</subfield>
            <subfield code="g">18.2006</subfield>
            <subfield code="i">07:837</subfield>
            <subfield code="n">36</subfield>
            <subfield code="k">20070920</subfield>
            <subfield code="5">880748-230</subfield>
          </datafield>
          <datafield tag="LOC" ind1=" " ind2=" ">
            <subfield code="m">ISSBD</subfield>
            <subfield code="a">P0001</subfield>
            <subfield code="b">10</subfield>
            <subfield code="d">25z12</subfield>
            <subfield code="g">19.2007</subfield>
            <subfield code="i">07:838</subfield>
            <subfield code="n">36</subfield>
            <subfield code="k">20080924</subfield>
            <subfield code="5">880748-300</subfield>
          </datafield>
          <datafield tag="LOC" ind1=" " ind2=" ">
            <subfield code="m">ISSBD</subfield>
            <subfield code="a">P0001</subfield>
            <subfield code="b">10</subfield>
            <subfield code="d">25z12</subfield>
            <subfield code="g">20.2008</subfield>
            <subfield code="i">08:640</subfield>
            <subfield code="n">36</subfield>
            <subfield code="k">20090316</subfield>
            <subfield code="5">880748-340</subfield>
          </datafield>
          <datafield tag="LOC" ind1=" " ind2=" ">
            <subfield code="m">ISSBD</subfield>
            <subfield code="a">P0001</subfield>
            <subfield code="b">10</subfield>
            <subfield code="d">25z12</subfield>
            <subfield code="g">21.2009</subfield>
            <subfield code="i">09:378</subfield>
            <subfield code="n">36</subfield>
            <subfield code="k">20101122</subfield>
            <subfield code="5">880748-380</subfield>
          </datafield>
          <datafield tag="LOC" ind1=" " ind2=" ">
            <subfield code="m">ISSBD</subfield>
            <subfield code="a">P0001</subfield>
            <subfield code="b">10</subfield>
            <subfield code="d">25z12</subfield>
            <subfield code="g">22.2010</subfield>
            <subfield code="i">10:552</subfield>
            <subfield code="n">36</subfield>
            <subfield code="k">20110919</subfield>
            <subfield code="5">880748-420</subfield>
          </datafield>
          <datafield tag="LOC" ind1=" " ind2=" ">
            <subfield code="m">ISSBD</subfield>
            <subfield code="a">P0001</subfield>
            <subfield code="b">10</subfield>
            <subfield code="d">25z12</subfield>
            <subfield code="g">23.2011</subfield>
            <subfield code="i">11:687</subfield>
            <subfield code="n">36</subfield>
            <subfield code="k">20120301</subfield>
            <subfield code="5">880748-460</subfield>
          </datafield>
          <datafield tag="LOC" ind1=" " ind2=" ">
            <subfield code="m">ISSUE</subfield>
            <subfield code="a">P0001</subfield>
            <subfield code="b">10</subfield>
            <subfield code="d">25z12</subfield>
            <subfield code="g">24.2012,1 + Register 2011 (lose)</subfield>
            <subfield code="n">32</subfield>
            <subfield code="k">00000000</subfield>
            <subfield code="5">880748-430</subfield>
          </datafield>
          <datafield tag="LOC" ind1=" " ind2=" ">
            <subfield code="m">ISSUE</subfield>
            <subfield code="a">P0001</subfield>
            <subfield code="b">10</subfield>
            <subfield code="d">25z12</subfield>
            <subfield code="g">24.2012,2</subfield>
            <subfield code="n">32</subfield>
            <subfield code="k">00000000</subfield>
            <subfield code="5">880748-440</subfield>
          </datafield>
          <datafield tag="LOC" ind1=" " ind2=" ">
            <subfield code="m">ISSUE</subfield>
            <subfield code="a">P0001</subfield>
            <subfield code="b">10</subfield>
            <subfield code="d">25z12</subfield>
            <subfield code="g">24.2012,3 + Register (lose)</subfield>
            <subfield code="n">32</subfield>
            <subfield code="k">00000000</subfield>
            <subfield code="5">880748-450</subfield>
          </datafield>
          <datafield tag="LOC" ind1=" " ind2=" ">
            <subfield code="m">ISSUE</subfield>
            <subfield code="a">P0001</subfield>
            <subfield code="b">10</subfield>
            <subfield code="d">25z12</subfield>
            <subfield code="g">25.2013,1</subfield>
            <subfield code="n">32</subfield>
            <subfield code="k">00000000</subfield>
            <subfield code="5">880748-470</subfield>
          </datafield>
          <datafield tag="LOC" ind1=" " ind2=" ">
            <subfield code="m">ISSUE</subfield>
            <subfield code="a">P0001</subfield>
            <subfield code="b">10</subfield>
            <subfield code="d">25z12</subfield>
            <subfield code="g">25.2013,2</subfield>
            <subfield code="n">32</subfield>
            <subfield code="k">00000000</subfield>
            <subfield code="5">880748-480</subfield>
          </datafield>
          <datafield tag="LOC" ind1=" " ind2=" ">
            <subfield code="m">ISSUE</subfield>
            <subfield code="a">P0001</subfield>
            <subfield code="b">10</subfield>
            <subfield code="d">25z12</subfield>
            <subfield code="g">25.2013,3</subfield>
            <subfield code="n">32</subfield>
            <subfield code="k">00000000</subfield>
            <subfield code="5">880748-490</subfield>
          </datafield>
        </record>
      </metadata>
    </record>
  </ListRecords>
</OAI-PMH>
